%% This BibTeX bibliography file was created using BibDesk.
%% http://bibdesk.sourceforge.net/


%% Created for liangfengsid at 2015-12-07 13:52:05 +0800 


%% Saved with string encoding Unicode (UTF-8) 



@url{multiAdjList,
	Date-Added = {2015-12-07 05:50:21 +0000},
	Date-Modified = {2015-12-07 05:50:21 +0000},
	Title = {MultiAdjacentList Benchmark},
	Url = {https://github.com/liangfengsid/MultiAdjacentList},
	Bdsk-Url-1 = {https://github.com/liangfengsid/MultiAdjacentList}}

@url{puma,
	Date-Added = {2015-12-07 05:17:20 +0000},
	Date-Modified = {2015-12-07 05:52:05 +0000},
	Title = {Purdue MapReduce Benchmark Suite},
	Url = {https://engineering.purdue.edu/\%7Epuma/pumabenchmarks.htm},
	author={Ahmad, Faraz and Lee, Seyong and Thottethodi, Mithuna and Vijaykumar, TN}}

@url{movielensals,
	Date-Added = {2015-12-04 08:14:39 +0000},
	Date-Modified = {2015-12-04 08:15:26 +0000},
	Title = {MovieLensALS Spark Submit 2014},
	Url = {https://databricks-training.s3.amazonaws.com/movie-recommendation-with-mllib.html},
	Bdsk-Url-1 = {https://databricks-training.s3.amazonaws.com/movie-recommendation-with-mllib.html}}

@url{gideon,
	Date-Added = {2015-12-03 14:15:36 +0000},
	Date-Modified = {2015-12-03 15:32:50 +0000},
	Title = {HKU Gideon-II Cluster},
	Url = {http://i.cs.hku.hk/\%7Eclwang/Gideon-II/},
	Bdsk-Url-1 = {http://i.cs.hku.hk/%5C%7Eclwang/Gideon-II/}}

@inproceedings{shvachko2010hadoop,
  title={The hadoop distributed file system},
  author={Shvachko, Konstantin and Kuang, Hairong and Radia, Sanjay and Chansler, Robert},
  booktitle={Proceedings of the IEEE 26th Symposium on Mass Storage Systems and Technologies},
  pages={1--10},
  year={2010},
  organization={IEEE}
}

@inproceedings{al2010hedera,
	Author = {Al-Fares, Mohammad and Radhakrishnan, Sivasankar and Raghavan, Barath and Huang, Nelson and Vahdat, Amin},
	Booktitle = {Proceedings of the 7th USENIX conference on Networked Systems Design and Implementation},
	Date-Added = {2015-11-04 18:45:13 +0000},
	Date-Modified = {2015-11-04 18:45:13 +0000},
	Pages = {19--19},
	Title = {Hedera: Dynamic Flow Scheduling for Data Center Networks.},
	Volume = {10},
	Year = {2010}}

@inproceedings{kwon2010skew,
	Author = {Kwon, YongChul and Balazinska, Magdalena and Howe, Bill and Rolia, Jerome},
	Booktitle = {Proceedings of the 1st ACM Symposium on Cloud Computing},
	Date-Added = {2015-10-16 06:13:50 +0000},
	Date-Modified = {2015-10-16 06:13:50 +0000},
	Organization = {ACM},
	Pages = {75--86},
	Title = {Skew-resistant parallel processing of feature-extracting scientific user-defined functions},
	Year = {2010}}


@inproceedings{ballard2012communication,
	Author = {Ballard, Grey and Demmel, James and Holtz, Olga and Lipshitz, Benjamin and Schwartz, Oded},
	Booktitle = {Proceedings of the 24th annual ACM Symposium on Parallelism in Algorithms and Architectures},
	Date-Added = {2015-10-16 05:50:03 +0000},
	Date-Modified = {2015-10-16 05:50:03 +0000},
	Pages = {193--204},
	Title = {Communication-optimal parallel algorithm for strassen's matrix multiplication},
	Year = {2012}}


@inproceedings{kwon2012skewtune,
	Author = {Kwon, YongChul and Balazinska, Magdalena and Howe, Bill and Rolia, Jerome},
	Booktitle = {Proceedings of the ACM SIGMOD International Conference on Management of Data},
	Date-Added = {2015-10-16 06:10:30 +0000},
	Date-Modified = {2015-10-16 06:10:30 +0000},
	Pages = {25--36},
	Title = {Skewtune: mitigating skew in mapreduce applications},
	Year = {2012}}

@article{buluc2012parallel,
	Author = {Buluc, Aydin and Gilbert, John R},
	Date-Added = {2015-10-16 05:48:34 +0000},
	Date-Modified = {2015-10-16 05:48:34 +0000},
	Journal = {SIAM Journal on Scientific Computing},
	Number = {4},
	Pages = {C170--C191},
	Publisher = {SIAM},
	Title = {Parallel sparse matrix-matrix multiplication and indexing: Implementation and experiments},
	Volume = {34},
	Year = {2012}}

@incollection{mensink2012metric,
	Author = {Mensink, Thomas and Verbeek, Jakob and Perronnin, Florent and Csurka, Gabriela},
	Booktitle = {Computer Vision--ECCV 2012},
	Date-Added = {2015-10-16 05:46:29 +0000},
	Date-Modified = {2015-10-16 05:46:29 +0000},
	Pages = {488--501},
	Publisher = {Springer},
	Title = {Metric learning for large scale image classification: Generalizing to new classes at near-zero cost},
	Year = {2012}}

@inproceedings{kiran2013verification,
	Author = {Kiran, M and Kumar, Ajit and Prathap, BR},
	Booktitle = {IEEE International Conference on Advanced Computing and Communication Systems},
	Date-Added = {2015-10-16 05:41:58 +0000},
	Date-Modified = {2015-10-16 05:41:58 +0000},
	Pages = {1--6},
	Title = {Verification and validation of Parallel Support Vector Machine algorithm based on MapReduce Program model on Hadoop cluster},
	Year = {2013}}

@book{bekkerman2011scaling,
	Author = {Bekkerman, Ron and Bilenko, Mikhail and Langford, John},
	Date-Added = {2015-10-16 05:25:12 +0000},
	Date-Modified = {2015-10-16 05:25:12 +0000},
	Publisher = {Cambridge University Press},
	Title = {Scaling up machine learning: Parallel and distributed approaches},
	Year = {2011}}

@article{boyd2011distributed,
	Author = {Boyd, Stephen and Parikh, Neal and Chu, Eric and Peleato, Borja and Eckstein, Jonathan},
	Date-Added = {2015-10-16 05:15:12 +0000},
	Date-Modified = {2015-10-16 05:15:12 +0000},
	Journal = {Foundations and Trends{\textregistered} in Machine Learning},
	Number = {1},
	Pages = {1--122},
	Publisher = {Now Publishers Inc.},
	Title = {Distributed optimization and statistical learning via the alternating direction method of multipliers},
	Volume = {3},
	Year = {2011}}

@webpage{spark-dagscheduler,
	Date-Added = {2015-10-16 03:47:25 +0000},
	Date-Modified = {2015-10-16 03:50:10 +0000},
	Title = {Spark Job Scheduling: DAGScheduler},
	Url = {https://spark.apache.org/docs/1.4.0/job-scheduling.html},
	Viewport = {width=device-width},
	Bdsk-Url-1 = {https://spark.apache.org/docs/1.4.0/job-scheduling.html}}

@inproceedings{sakellariou2004hybrid,
	Author = {Sakellariou, Rizos and Zhao, Henan},
	Booktitle = {Proceedings of 18th IEEE International Parallel and Distributed Processing Symposium},
	Date-Added = {2015-10-15 18:40:10 +0000},
	Date-Modified = {2015-10-15 18:40:10 +0000},
	Pages = {111-},
	Title = {A hybrid heuristic for DAG scheduling on heterogeneous systems},
	Year = {2004}}

@inproceedings{zhao2006scheduling,
	Author = {Zhao, Henan and Sakellariou, Rizos},
	Booktitle = {Proceedings of 20th IEEE International Parallel and Distributed Processing Symposium},
	Date-Added = {2015-10-15 18:39:27 +0000},
	Date-Modified = {2015-10-15 18:39:27 +0000},
	Pages = {14-},
	Title = {Scheduling multiple DAGs onto heterogeneous systems},
	Year = {2006}}

@inproceedings{ballani2011towards,
	Author = {Ballani, Hitesh and Costa, Paolo and Karagiannis, Thomas and Rowstron, Ant},
	Booktitle = {ACM SIGCOMM Computer Communication Review},
	Date-Added = {2015-10-15 14:33:42 +0000},
	Date-Modified = {2015-10-15 14:33:42 +0000},
	Number = {4},
	Organization = {ACM},
	Pages = {242--253},
	Title = {Towards predictable datacenter networks},
	Volume = {41},
	Year = {2011},
	Bdsk-File-1 = {YnBsaXN0MDDUAQIDBAUGJCVYJHZlcnNpb25YJG9iamVjdHNZJGFyY2hpdmVyVCR0b3ASAAGGoKgHCBMUFRYaIVUkbnVsbNMJCgsMDxJXTlMua2V5c1pOUy5vYmplY3RzViRjbGFzc6INDoACgAOiEBGABIAFgAdccmVsYXRpdmVQYXRoWWFsaWFzRGF0YV8QLC4uLy4uLy4uL3BhcGVycy9uZXR3b3JraW5nL3ByZWRpY3RhYmxlZGMucGRm0hcLGBlXTlMuZGF0YU8RAa4AAAAAAa4AAgAABk1BQyBPUwAAAAAAAAAAAAAAAAAAAAAAAAAAALZ16qZIKwAAAplYqxFwcmVkaWN0YWJsZWRjLnBkZgAAAAAAAAAAAAAAAAAAAAAAAAAAAAAAAAAAAAAAAAAAAAAAAAAAAAAAAAAAAAACwPzL0Ju1mgAAAAAAAAAAAAMAAwAACSAAAAAAAAAAAAAAAAAAAAAKbmV0d29ya2luZwAQAAgAALZ1eiYAAAARAAgAANCbRRoAAAABABQCmVirADGgiwARy4sABRUpAAC5iAACAEpNQUMgT1M6VXNlcnM6AGxpYW5nZmVuZ3NpZDoARHJvcGJveDoAcGFwZXJzOgBuZXR3b3JraW5nOgBwcmVkaWN0YWJsZWRjLnBkZgAOACQAEQBwAHIAZQBkAGkAYwB0AGEAYgBsAGUAZABjAC4AcABkAGYADwAOAAYATQBBAEMAIABPAFMAEgA+VXNlcnMvbGlhbmdmZW5nc2lkL0Ryb3Bib3gvcGFwZXJzL25ldHdvcmtpbmcvcHJlZGljdGFibGVkYy5wZGYAEwABLwAAFQACABP//wAAgAbSGxwdHlokY2xhc3NuYW1lWCRjbGFzc2VzXU5TTXV0YWJsZURhdGGjHR8gVk5TRGF0YVhOU09iamVjdNIbHCIjXE5TRGljdGlvbmFyeaIiIF8QD05TS2V5ZWRBcmNoaXZlctEmJ1Ryb290gAEACAARABoAIwAtADIANwBAAEYATQBVAGAAZwBqAGwAbgBxAHMAdQB3AIQAjgC9AMIAygJ8An4CgwKOApcCpQKpArACuQK+AssCzgLgAuMC6AAAAAAAAAIBAAAAAAAAACgAAAAAAAAAAAAAAAAAAALq}}

@inproceedings{popa2012faircloud,
	Author = {Popa, Lucian and Kumar, Gautam and Chowdhury, Mosharaf and Krishnamurthy, Arvind and Ratnasamy, Sylvia and Stoica, Ion},
	Booktitle = {Proceedings of the ACM SIGCOMM conference on Applications, technologies, architectures, and protocols for computer communication},
	Pages = {187--198},
	Title = {FairCloud: sharing the network in cloud computing},
	Year = {2012}}

@inproceedings{shieh2011sharing,
	Acmid = {1972489},
	Author = {Shieh, Alan and Kandula, Srikanth and Greenberg, Albert and Kim, Changhoon and Saha, Bikas},
	Booktitle = {Proceedings of the 8th USENIX Symposium on Networked Systems Design and Implementation},
	Date-Added = {2015-10-15 14:32:51 +0000},
	Date-Modified = {2015-10-15 14:32:51 +0000},
	Location = {Boston, MA},
	Numpages = {14},
	Pages = {309--322},
	Title = {Sharing the Data Center Network},
	Year = {2011}}

@inproceedings{greenberg2009vl2,
	Author = {Greenberg, Albert and Hamilton, James R and Jain, Navendu and Kandula, Srikanth and Kim, Changhoon and Lahiri, Parantap and Maltz, David A and Patel, Parveen and Sengupta, Sudipta},
	Booktitle = {Communication of the ACM},
	Date-Added = {2015-10-15 14:31:52 +0000},
	Date-Modified = {2015-10-15 14:31:52 +0000},
	volume = {54},
	Number = {3},
	pages = {95--104},
	Title = {VL2: a scalable and flexible data center network},
	Year = {2011}}

@article{gunarathne2013scalable,
	Author = {Gunarathne, Thilina and Zhang, Bingjing and Wu, Tak-Lon and Qiu, Judy},
	Date-Added = {2015-10-15 12:28:11 +0000},
	Date-Modified = {2015-10-15 12:28:11 +0000},
	Journal = {Future Generation Computer Systems},
	Number = {4},
	Pages = {1035--1048},
	Publisher = {Elsevier},
	Title = {Scalable parallel computing on clouds using Twister4Azure iterative MapReduce},
	Volume = {29},
	Year = {2013}}

@inproceedings{ekanayake2010twister,
	Author = {Ekanayake, Jaliya and Li, Hui and Zhang, Bingjing and Gunarathne, Thilina and Bae, Seung-Hee and Qiu, Judy and Fox, Geoffrey},
	Booktitle = {Proceedings of the 19th ACM International Symposium on High Performance Distributed Computing},
	Date-Added = {2015-10-15 12:23:24 +0000},
	Date-Modified = {2015-10-15 12:23:24 +0000},
	Pages = {810--818},
	Title = {Twister: a runtime for iterative mapreduce},
	Year = {2010}}

@inproceedings{xin2013graphx,
	Author = {Xin, Reynold S and Gonzalez, Joseph E and Franklin, Michael J and Stoica, Ion},
	Booktitle = {First International Workshop on Graph Data Management Experiences and Systems},
	Date-Added = {2015-10-10 04:48:55 +0000},
	Date-Modified = {2015-10-10 04:48:55 +0000},
	Organization = {ACM},
	Pages = {2},
	Title = {Graphx: A resilient distributed graph system on spark},
	Year = {2013}}


@article{low2012distributed,
 author = {Low, Yucheng and Bickson, Danny and Gonzalez, Joseph and Guestrin, Carlos and Kyrola, Aapo and Hellerstein, Joseph M.},
 title = {Distributed GraphLab: A Framework for Machine Learning and Data Mining in the Cloud},
 journal = {Proceedings of the VLDB Endowment},
 issue_date = {April 2012},
 volume = {5},
 number = {8},
 year = {2012},
 issn = {2150-8097},
 pages = {716--727},
 numpages = {12},
 doi = {10.14778/2212351.2212354},
 acmid = {2212354},
 publisher = {VLDB Endowment},
} 

@article{bu2010haloop,
	Author = {Bu, Yingyi and Howe, Bill and Balazinska, Magdalena and Ernst, Michael D},
	Date-Added = {2015-10-10 04:23:54 +0000},
	Date-Modified = {2015-10-10 04:23:54 +0000},
	Journal = {Proceedings of the VLDB Endowment},
	Number = {1-2},
	Pages = {285--296},
	Publisher = {VLDB Endowment},
	Title = {HaLoop: efficient iterative data processing on large clusters},
	Volume = {3},
	Year = {2010}}

@inproceedings{isard2009quincy,
	Author = {Isard, Michael and Prabhakaran, Vijayan and Currey, Jon and Wieder, Udi and Talwar, Kunal and Goldberg, Andrew},
	Booktitle = {Proceedings of the ACM SIGOPS 22nd symposium on Operating systems principles},
	Date-Added = {2015-07-08 09:13:19 +0000},
	Date-Modified = {2015-07-08 09:13:19 +0000},
	Organization = {ACM},
	Pages = {261--276},
	Title = {Quincy: fair scheduling for distributed computing clusters},
	Year = {2009}}

@inproceedings{xie2010improving,
	Author = {Xie, Jiong and Yin, Shu and Ruan, Xiaojun and Ding, Zhiyang and Tian, Yun and Majors, James and Manzanares, Adam and Qin, Xiao},
	Booktitle = {Parallel \& Distributed Processing, Workshops and Phd Forum (IPDPSW), 2010 IEEE International Symposium on},
	Date-Added = {2015-07-08 09:10:12 +0000},
	Date-Modified = {2015-07-08 09:10:12 +0000},
	Organization = {IEEE},
	Pages = {1--9},
	Title = {Improving mapreduce performance through data placement in heterogeneous hadoop clusters},
	Year = {2010}}

@inproceedings{hindman2011mesos,
	Author = {Hindman, Benjamin and Konwinski, Andy and Zaharia, Matei and Ghodsi, Ali and Joseph, Anthony D and Katz, Randy H and Shenker, Scott and Stoica, Ion},
	Booktitle = {Proceedings of the 8th USENIX Symposium on Networked Systems Design and Implementation},
	Date-Added = {2015-07-08 08:59:11 +0000},
	Date-Modified = {2015-07-08 08:59:11 +0000},
	Pages = {22--22},
	Title = {Mesos: A Platform for Fine-Grained Resource Sharing in the Data Center.},
	Volume = {11},
	Year = {2011}}

@article{wu2007scheduling,
	Author = {Wu, Xinzhou and Srikant, R and Perkins, James R},
	Date-Added = {2015-06-29 12:24:37 +0000},
	Date-Modified = {2015-06-29 12:24:37 +0000},
	Journal = {Mobile Computing, IEEE Transactions on},
	Number = {6},
	Pages = {595--605},
	Publisher = {IEEE},
	Title = {Scheduling efficiency of distributed greedy scheduling algorithms in wireless networks},
	Volume = {6},
	Year = {2007}}


@inproceedings{chowdhury2011managing,
 author = {Chowdhury, Mosharaf and Zaharia, Matei and Ma, Justin and Jordan, Michael I. and Stoica, Ion},
 title = {Managing Data Transfers in Computer Clusters with Orchestra},
 booktitle = {Proceedings of the ACM SIGCOMM Conference},
 year = {2011},
 isbn = {978-1-4503-0797-0},
 location = {Toronto, Ontario, Canada},
 pages = {98--109},
 numpages = {12},
 doi = {10.1145/2018436.2018448},
 acmid = {2018448},
 publisher = {ACM},
 address = {New York, NY, USA},
 keywords = {data transfer, data-intensive applications, datacenter networks},
} 



@article{thusoo2009hive,
 author = {Thusoo, Ashish and Sarma, Joydeep Sen and Jain, Namit and Shao, Zheng and Chakka, Prasad and Anthony, Suresh and Liu, Hao and Wyckoff, Pete and Murthy, Raghotham},
 title = {Hive: A Warehousing Solution over a Map-reduce Framework},
 journal = {Proceeding of VLDB Endowment},
 volume = {2},
 number = {2},
 year = {2009},
 issn = {2150-8097},
 pages = {1626--1629},
 numpages = {4},
 doi = {10.14778/1687553.1687609},
 acmid = {1687609},
 publisher = {VLDB Endowment},
} 


@inproceedings{isard2007dryad,
 author = {Isard, Michael and Budiu, Mihai and Yu, Yuan and Birrell, Andrew and Fetterly, Dennis},
 title = {Dryad: Distributed Data-parallel Programs from Sequential Building Blocks},
 booktitle = {Proceedings of the 2nd ACM SIGOPS/EuroSys European Conference on Computer Systems},
 year = {2007},
 isbn = {978-1-59593-636-3},
 location = {Lisbon, Portugal},
 pages = {59--72},
 numpages = {14},
 doi = {10.1145/1272996.1273005},
 acmid = {1273005},
 address = {New York, NY, USA},
 keywords = {cluster computing, concurrency, dataflow, distributed programming},
}

@inproceedings{zaharia2012resilient,
	Author = {Zaharia, Matei and Chowdhury, Mosharaf and Das, Tathagata and Dave, Ankur and Ma, Justin and McCauley, Murphy and Franklin, Michael J and Shenker, Scott and Stoica, Ion},
	Booktitle = {Proceedings of the 9th USENIX conference on Networked Systems Design and Implementation},
	Date-Added = {2015-05-18 17:02:28 +0000},
	Date-Modified = {2015-05-18 17:02:28 +0000},
	Pages = {2--2},
	Title = {Resilient distributed datasets: A fault-tolerant abstraction for in-memory cluster computing},
	Year = {2012}}


@article{dean2008mapreduce,
 author = {Dean, Jeffrey and Ghemawat, Sanjay},
 title = {MapReduce: Simplified Data Processing on Large Clusters},
 journal = {Communications of the ACM},
 volume = {51},
 number = {1},
 year = {2008},
 issn = {0001-0782},
 pages = {107--113},
 numpages = {7},
 doi = {10.1145/1327452.1327492},
 acmid = {1327492},
 publisher = {ACM},
 address = {New York, NY, USA},
} 


@inproceedings{vavilapalli2013apache,
 author = {Vavilapalli, Vinod Kumar and Murthy, Arun C. and Douglas, Chris and Agarwal, Sharad and Konar, Mahadev and Evans, Robert and Graves, Thomas and Lowe, Jason and Shah, Hitesh and Seth, Siddharth and Saha, Bikas and Curino, Carlo and O'Malley, Owen and Radia, Sanjay and Reed, Benjamin and Baldeschwieler, Eric},
 title = {Apache Hadoop YARN: Yet Another Resource Negotiator},
 booktitle = {Proceedings of the 4th ACM Annual Symposium on Cloud Computing},
 year = {2013},
 isbn = {978-1-4503-2428-1},
 location = {Santa Clara, California},
 pages = {5:1--5:16},
 articleno = {5},
 numpages = {16},
 doi = {10.1145/2523616.2523633},
 acmid = {2523633},
 address = {New York, NY, USA},
} 

@inproceedings{Yu:2008:DSG,
 author = {Yu, Yuan and Isard, Michael and Fetterly, Dennis and Budiu, Mihai and Erlingsson, \'{U}lfar and Gunda, Pradeep Kumar and Currey, Jon},
 title = {DryadLINQ: A System for General-purpose Distributed Data-parallel Computing Using a High-level Language},
 booktitle = {Proceedings of the 8th USENIX Symposium on Operating Systems Design and Implementation},
 year = {2008},
 location = {San Diego, California},
 pages = {1--14},
 numpages = {14},
 acmid = {1855742},
} 

@inproceedings{zaharia2008improving,
  title={Improving MapReduce performance in heterogeneous environments},
  author={Zaharia, Matei and Konwinski, Andy and Joseph, Anthony D and Katz, Randy and Stoica, Ion},
  booktitle={Proceedings of the 8th USENIX Symposium on Operating Systems Design and Implementation},
  pages={29--42},
  year={2008},
  location = {San Diego, California},
}

@inproceedings{Malewicz:2010:PSL,
 author = {Malewicz, Grzegorz and Austern, Matthew H. and Bik, Aart J.C and Dehnert, James C. and Horn, Ilan and Leiser, Naty and Czajkowski, Grzegorz},
 title = {Pregel: A System for Large-scale Graph Processing},
 booktitle = {Proceedings of the ACM SIGMOD International Conference on Management of Data},
 year = {2010},
 isbn = {978-1-4503-0032-2},
 location = {Indianapolis, Indiana, USA},
 pages = {135--146},
 numpages = {12},
 doi = {10.1145/1807167.1807184},
 acmid = {1807184},
 address = {New York, NY, USA},
 keywords = {distributed computing, graph algorigthms},
} 

@inproceedings{chen2011case,
  title={The case for evaluating mapreduce performance using workload suites},
  author={Chen, Yanpei and Ganapathi, Archana and Griffith, Rean and Katz, Randy},
  booktitle={IEEE 19th International Symposium on Modeling, Analysis \& Simulation of Computer and Telecommunication Systems},
  pages={390--399},
  year={2011}
}

@url{kmeans,
	Date-Added = {2016-01-17 14:39:10 +0000},
	Date-Modified = {2016-01-17 14:39:45 +0000},
	Title = {Spark KMeans Benchmark},
	Url = {http://spark.apache.org/docs/latest/mllib-clustering.html},
	Bdsk-Url-1 = {http://i.cs.hku.hk/%5C%7Efliang/confluence/multiAdjList.html}}



@article{Sarma:2013:ULB,
 author = {Sarma, Anish Das and Afrati, Foto N. and Salihoglu, Semih and Ullman, Jeffrey D.},
 title = {Upper and Lower Bounds on the Cost of a Map-reduce Computation},
 journal = {Proceedings of the VLDB Endowment},
 volume = {6},
 number = {4},
 year = {2013},
 issn = {2150-8097},
 pages = {277--288},
 numpages = {12},
 doi = {10.14778/2535570.2488334},
 acmid = {2488334},
 publisher = {VLDB Endowment},
} 

@inproceedings{Harlap:2016:ASP,
 author = {Harlap, Aaron and Cui, Henggang and Dai, Wei and Wei, Jinliang and Ganger, Gregory R. and Gibbons, Phillip B. and Gibson, Garth A. and Xing, Eric P.},
 title = {Addressing the Straggler Problem for Iterative Convergent Parallel ML},
 booktitle = {Proceedings of the Seventh ACM Symposium on Cloud Computing},
 series = {SoCC '16},
 year = {2016},
 isbn = {978-1-4503-4525-5},
 location = {Santa Clara, CA, USA},
 pages = {98--111},
 numpages = {14},
 doi = {10.1145/2987550.2987554},
 acmid = {2987554},
 publisher = {ACM},
 address = {New York, NY, USA},
} 

@inproceedings {faraz2014shufflewatcher,
author = {Faraz Ahmad and Srimat T. Chakradhar and Anand Raghunathan and T. N. Vijaykumar},
title = {ShuffleWatcher: Shuffle-aware Scheduling in Multi-tenant MapReduce Clusters},
booktitle = {2014 USENIX Annual Technical Conference (USENIX ATC 14)},
year = {2014},
month = Jun,
isbn = {978-1-931971-10-2},
address = {Philadelphia, PA},
pages = {1--13},
publisher = {USENIX Association},
}

@inproceedings{kraska2013mlbase,
  title={MLbase: A Distributed Machine-learning System},
  author={Kraska, Tim and Talwalkar, Ameet and Duchi, John C and Griffith, Rean and Franklin, Michael J and Jordan, Michael I},
  booktitle={Conference on Innovative Data Systems Research (CIDR)},
  volume={1},
  pages={2--1},
  year={2013}
}

@article{Lu:2014:LDG,
 author = {Lu, Yi and Cheng, James and Yan, Da and Wu, Huanhuan},
 title = {Large-scale Distributed Graph Computing Systems: An Experimental Evaluation},
 journal = {Proceedings of the VLDB Endowment},
 issue_date = {November 2014},
 volume = {8},
 number = {3},
 month = nov,
 year = {2014},
 issn = {2150-8097},
 pages = {281--292},
 numpages = {12},
 doi = {10.14778/2735508.2735517},
 acmid = {2735517},
 publisher = {VLDB Endowment},
} 

@inproceedings{Armbrust:2015:SSR,
 author = {Armbrust, Michael and Xin, Reynold S. and Lian, Cheng and Huai, Yin and Liu, Davies and Bradley, Joseph K. and Meng, Xiangrui and Kaftan, Tomer and Franklin, Michael J. and Ghodsi, Ali and Zaharia, Matei},
 title = {Spark SQL: Relational Data Processing in Spark},
 booktitle = {Proceedings of the 2015 ACM SIGMOD International Conference on Management of Data},
 series = {SIGMOD '15},
 year = {2015},
 isbn = {978-1-4503-2758-9},
 location = {Melbourne, Victoria, Australia},
 pages = {1383--1394},
 numpages = {12},
 doi = {10.1145/2723372.2742797},
 acmid = {2742797},
 publisher = {ACM},
 address = {New York, NY, USA},
 keywords = {data warehouse, databases, hadoop, machine learning, spark},
} 
