%% This BibTeX bibliography file was created using BibDesk.
%% http://bibdesk.sourceforge.net/


%% Created for liangfengsid at 2016-01-10 18:15:12 +0800 


%% Saved with string encoding Unicode (UTF-8) 



@inproceedings{Phanishayee:2008:MAT,
  title={Measurement and Analysis of TCP Throughput Collapse in Cluster-based Storage Systems},
  author={Phanishayee, Amar and Krevat, Elie and Vasudevan, Vijay and Andersen, David G. and Ganger, Gregory R. and Gibson, Garth A. and Seshan, Srinivasan},
  booktitle={6th USENIX Conference on File and Storage Technologies (FAST)},
  pages={175-188},
  year={2008},
}

@inproceedings{zaharia2008improving,
  title={Improving MapReduce Performance in Heterogeneous Environments},
  author={Zaharia, Matei and Konwinski, Andy and Joseph, Anthony D and Katz, Randy H and Stoica, Ion},
  booktitle={8th USENIX Symposium on Operating Systems Design and Implementation (OSDI)},
  volume={8},
  number={4},
  pages={7},
  year={2008}
}

@webpage{gideon,
	Date-Added = {2016-01-08 12:47:33 +0000},
	Date-Modified = {2016-01-08 17:08:47 +0000},
	Title = {HKU Gideon-II Cluster},
	Url = {http://i.cs.hku.hk/\%7Eclwang/Gideon-II/},
	Bdsk-Url-1 = {http://i.cs.hku.hk/%5C%7Eclwang/Gideon-II/}}

@article{saltzer1984end,
 author = {Saltzer, J. H. and Reed, D. P. and Clark, D. D.},
 title = {End-to-end Arguments in System Design},
 journal = {ACM Transactions on Computer Systems (TOCS)},
 issue_date = {Nov. 1984},
 volume = {2},
 number = {4},
 month = nov,
 year = {1984},
 issn = {0734-2071},
 pages = {277--288},
 numpages = {12},
 doi = {10.1145/357401.357402},
 acmid = {357402},
 address = {New York, NY, USA},
 keywords = {data communication, design principles, protocol design},
}


@inproceedings{Qiu:2015:MTW,
 author = {Qiu, Zhen and Stein, Cliff and Zhong, Yuan},
 title = {Minimizing the Total Weighted Completion Time of Coflows in Datacenter Networks},
 booktitle = {Proceedings of the 27th ACM Symposium on Parallelism in Algorithms and Architectures (SPAA)},
 year = {2015},
 isbn = {978-1-4503-3588-1},
 location = {Portland, Oregon, USA},
 pages = {294--303},
 numpages = {10},
 doi = {10.1145/2755573.2755592},
 acmid = {2755592},
 address = {New York, NY, USA},
 keywords = {algorithm analysis, approximation algorithms, concurrent open shop scheduling with coupled resources, greedy algorithms, map-reduce},
} 

@inproceedings{dogar2014decentralized,
 author = {Dogar, Fahad R. and Karagiannis, Thomas and Ballani, Hitesh and Rowstron, Antony},
 title = {Decentralized Task-aware Scheduling for Data Center Networks},
 booktitle = {Proceedings of the ACM Conference on SIGCOMM},
 year = {2014},
 isbn = {978-1-4503-2836-4},
 location = {Chicago, Illinois, USA},
 pages = {431--442},
 numpages = {12},
 doi = {10.1145/2619239.2626322},
 acmid = {2626322},
 address = {New York, NY, USA},
 keywords = {datacenter, response time, scheduling, transport},
} 


@INPROCEEDINGS{zhao2015rapier, 
	author={Y. Zhao and K. Chen and W. Bai and M. Yu and C. Tian and Y. Geng and Y. Zhang and D. Li and S. Wang}, 
	booktitle={IEEE Conference on Computer Communications (INFOCOM)}, 
	title={Rapier: Integrating routing and scheduling for coflow-aware data center networks}, 
	year={2015}, 
	pages={424-432}, 
	doi={10.1109/INFOCOM.2015.7218408}, 
	ISSN={0743-166X}, 
	month={April},
}

@inproceedings{Delimitrou:2014:QRQ,
 author = {Delimitrou, Christina and Kozyrakis, Christos},
 title = {Quasar: Resource-efficient and QoS-aware Cluster Management},
 booktitle = {Proceedings of the 19th International Conference on Architectural Support for Programming Languages and Operating Systems (ASPLOS)},
 year = {2014},
 isbn = {978-1-4503-2305-5},
 location = {Salt Lake City, Utah, USA},
 pages = {127--144},
 numpages = {18},
 doi = {10.1145/2541940.2541941},
 acmid = {2541941},
 address = {New York, NY, USA},
} 

@inproceedings{chowdhury2015efficient,
 author = {Chowdhury, Mosharaf and Stoica, Ion},
 title = {Efficient Coflow Scheduling Without Prior Knowledge},
 booktitle = {Proceedings of the ACM Conference on SIGCOMM},
 year = {2015},
 isbn = {978-1-4503-3542-3},
 location = {London, United Kingdom},
 pages = {393--406},
 numpages = {14},
 doi = {10.1145/2785956.2787480},
 acmid = {2787480},
 address = {New York, NY, USA},
} 

@inproceedings{kang2013optimizing,
 author = {Kang, Nanxi and Liu, Zhenming and Rexford, Jennifer and Walker, David},
 title = {Optimizing the "One Big Switch" Abstraction in Software-defined Networks},
 booktitle = {Proceedings of the Ninth ACM Conference on Emerging Networking Experiments and Technologies (CoNEXT)},
 year = {2013},
 isbn = {978-1-4503-2101-3},
 location = {Santa Barbara, California, USA},
 pages = {13--24},
 numpages = {12},
 doi = {10.1145/2535372.2535373},
 acmid = {2535373},
 address = {New York, NY, USA},
}

@inproceedings{chowdhury2014efficient,
 author = {Chowdhury, Mosharaf and Zhong, Yuan and Stoica, Ion},
 title = {Efficient Coflow Scheduling with Varys},
 booktitle = {Proceedings of the ACM Conference on SIGCOMM},
 year = {2014},
 isbn = {978-1-4503-2836-4},
 location = {Chicago, Illinois, USA},
 pages = {443--454},
 numpages = {12},
 doi = {10.1145/2619239.2626315},
 acmid = {2626315},
 address = {New York, NY, USA},
} 

@inproceedings{alizadeh2013pfabric,
 author = {Alizadeh, Mohammad and Yang, Shuang and Sharif, Milad and Katti, Sachin and McKeown, Nick and Prabhakar, Balaji and Shenker, Scott},
 title = {pFabric: Minimal Near-optimal Datacenter Transport},
 booktitle = {Proceedings of the ACM Conference on SIGCOMM},
 year = {2013},
 isbn = {978-1-4503-2056-6},
 location = {Hong Kong, China},
 pages = {435--446},
 numpages = {12},
 doi = {10.1145/2486001.2486031},
 acmid = {2486031},
 address = {New York, NY, USA},
} 

@inproceedings{niranjan2009portland,
 author = {Niranjan Mysore, Radhika and Pamboris, Andreas and Farrington, Nathan and Huang, Nelson and Miri, Pardis and Radhakrishnan, Sivasankar and Subramanya, Vikram and Vahdat, Amin},
 title = {PortLand: A Scalable Fault-tolerant Layer 2 Data Center Network Fabric},
 booktitle = {Proceedings of the ACM Conference on SIGCOMM},
 year = {2009},
 isbn = {978-1-60558-594-9},
 location = {Barcelona, Spain},
 pages = {39--50},
 numpages = {12},
 doi = {10.1145/1592568.1592575},
 acmid = {1592575},
 address = {New York, NY, USA},
} 


@inproceedings{alizadeh2014conga,
 author = {Alizadeh, Mohammad and Edsall, Tom and Dharmapurikar, Sarang and Vaidyanathan, Ramanan and Chu, Kevin and Fingerhut, Andy and Lam, Vinh The and Matus, Francis and Pan, Rong and Yadav, Navindra and Varghese, George},
 title = {CONGA: Distributed Congestion-aware Load Balancing for Datacenters},
 booktitle = {Proceedings of the ACM Conference on SIGCOMM},
 year = {2014},
 isbn = {978-1-4503-2836-4},
 location = {Chicago, Illinois, USA},
 pages = {503--514},
 numpages = {12},
 doi = {10.1145/2619239.2626316},
 acmid = {2626316},
 address = {New York, NY, USA},
 keywords = {datacenter fabric, distributed, load balancing},
} 


@INPROCEEDINGS{smapreduce, 
author={F. Liang and F. C. M. Lau}, 
booktitle={IEEE International Parallel and Distributed Processing Symposium (IPDPS)}, 
title={SMapReduce: Optimising Resource Allocation by Managing Working Slots at Runtime}, 
year={2015}, 
pages={281-290},  
doi={10.1109/IPDPS.2015.17}, 
ISSN={1530-2075}, 
month={May},}


@inproceedings{awerbuch1992competitive,
 author = {Awerbuch, Baruch and Kutten, Shay and Peleg, David},
 title = {Competitive Distributed Job Scheduling (Extended Abstract)},
 booktitle = {Proceedings of the Twenty-fourth Annual ACM Symposium on Theory of Computing (STOC)},
 year = {1992},
 isbn = {0-89791-511-9},
 location = {Victoria, British Columbia, Canada},
 pages = {571--580},
 numpages = {10},
 doi = {10.1145/129712.129768},
 acmid = {129768},
 address = {New York, NY, USA},
}

@inproceedings{isard2009quincy,
 author = {Isard, Michael and Prabhakaran, Vijayan and Currey, Jon and Wieder, Udi and Talwar, Kunal and Goldberg, Andrew},
 title = {Quincy: Fair Scheduling for Distributed Computing Clusters},
 booktitle = {Proceedings of the ACM SIGOPS 22Nd Symposium on Operating Systems Principles (SOSP)},
 year = {2009},
 isbn = {978-1-60558-752-3},
 location = {Big Sky, Montana, USA},
 pages = {261--276},
 numpages = {16},
 doi = {10.1145/1629575.1629601},
 acmid = {1629601},
 address = {New York, NY, USA},
 keywords = {cluster scheduling, dryad, fair scheduling, mapreduce, network flow scheduling},
} 

@inproceedings{zaharia2010delay,
 author = {Zaharia, Matei and Borthakur, Dhruba and Sen Sarma, Joydeep and Elmeleegy, Khaled and Shenker, Scott and Stoica, Ion},
 title = {Delay Scheduling: A Simple Technique for Achieving Locality and Fairness in Cluster Scheduling},
 booktitle = {Proceedings of the 5th European Conference on Computer Systems (EuroSys)},
 year = {2010},
 isbn = {978-1-60558-577-2},
 location = {Paris, France},
 pages = {265--278},
 numpages = {14},
 doi = {10.1145/1755913.1755940},
 acmid = {1755940},
 publisher = {ACM},
 address = {New York, NY, USA},
 keywords = {cluster computing, fair sharing, mapreduce, scheduling},
} 

@inproceedings{hindman2011mesos,
 author = {Hindman, Benjamin and Konwinski, Andy and Zaharia, Matei and Ghodsi, Ali and Joseph, Anthony D. and Katz, Randy and Shenker, Scott and Stoica, Ion},
 title = {Mesos: A Platform for Fine-grained Resource Sharing in the Data Center},
 booktitle = {Proceedings of the 8th USENIX Conference on Networked Systems Design and Implementation (NSDI)},
 year = {2011},
 location = {Boston, MA},
 pages = {295--308},
 numpages = {14},
 acmid = {1972488},
 publisher = {USENIX Association},
 address = {Berkeley, CA, USA},
} 

@article{ahmad2012puma,
	Author = {Ahmad, Faraz and Lee, Seyong and Thottethodi, Mithuna and Vijaykumar, TN},
	Date-Added = {2015-07-07 10:04:56 +0000},
	Date-Modified = {2015-07-07 10:04:56 +0000},
	Title = {Puma: Purdue mapreduce benchmarks suite},
	Year = {2012}}

@url{aws,
	Date-Added = {2015-07-06 17:51:01 +0000},
	Date-Modified = {2016-01-09 09:11:30 +0000},
	Title = {Amazon EC2 Instance Types},
	Url = {http://aws.amazon.com/ec2/instance-types/},
	Bdsk-Url-1 = {http://aws.amazon.com/ec2/instance-types/}}

@incollection{sgall1998line,
	Author = {Sgall, Ji{\v{r}}{\'\i}},
	Booktitle = {Online algorithms},
	Date-Added = {2015-06-29 12:32:59 +0000},
	Date-Modified = {2015-06-29 12:32:59 +0000},
	Pages = {196--231},
	Publisher = {Springer},
	Title = {On-line scheduling},
	Year = {1998}}

@article{wu2007scheduling,
	Author = {Wu, Xinzhou and Srikant, R and Perkins, James R},
	Date-Added = {2015-06-29 12:24:37 +0000},
	Date-Modified = {2015-06-29 12:24:37 +0000},
	Journal = {Transactions on Mobile Computing},
	Number = {6},
	Pages = {595--605},
	Publisher = {IEEE},
	Title = {Scheduling efficiency of distributed greedy scheduling algorithms in wireless networks},
	Volume = {6},
	Year = {2007}}

@book{borodin2005online,
	Author = {Borodin, Allan and El-Yaniv, Ran},
	Date-Added = {2015-06-29 12:19:00 +0000},
	Date-Modified = {2015-06-29 12:19:00 +0000},
	Publisher = {cambridge university press},
	Title = {Online computation and competitive analysis},
	Year = {2005}}

@book{bertsekas1992data,
	Author = {Bertsekas, Dimitri P and Gallager, Robert G},
	Date-Added = {2015-06-08 08:31:00 +0000},
	Date-Modified = {2015-06-08 08:34:04 +0000},
	Publisher = {Prentice-Hall International},
	Title = {Data networks},
	Volume = {2},
	Year = {1992}}

@inproceedings{vojnovic2000global,
	Author = {Vojnovi{\'c}, Milan and Le Boudec, Jean-Yves and Boutremans, Catherine},
	Booktitle = {INFOCOM},
	Date-Added = {2015-06-08 08:05:55 +0000},
	Date-Modified = {2016-01-09 13:24:20 +0000},
	Pages = {1303--1312},
	Title = {Global fairness of additive-increase and multiplicative-decrease with heterogeneous round-trip times},
	Volume = {3},
	Year = {2000}}

@inproceedings{vojnovic2000global,
  title={Global fairness of additive-increase and multiplicative-decrease with heterogeneous round-trip times},
  author={Vojnovi{\'c}, Milan and Le Boudec, Jean-Yves and Boutremans, Catherine},
  booktitle={Proceedings of the Nineteenth Annual Joint Conference of the IEEE Computer and Communications Societies (INFOCOM)},
  volume={3},
  pages={1303--1312},
  year={2000},
}

@article{kelly1998rate,
	Author = {Kelly, Frank P and Maulloo, Aman K and Tan, David KH},
	Date-Added = {2015-06-08 08:04:11 +0000},
	Date-Modified = {2015-06-08 08:04:11 +0000},
	Journal = {Journal of the Operational Research society},
	Pages = {237--252},
	Publisher = {JSTOR},
	Title = {Rate control for communication networks: shadow prices, proportional fairness and stability},
	Year = {1998}}

@inproceedings{jacobson1988congestion,
 author = {Jacobson, V.},
 title = {Congestion Avoidance and Control},
 booktitle = {Symposium Proceedings on Communications Architectures and Protocols},
 series = {SIGCOMM '88},
 year = {1988},
 isbn = {0-89791-279-9},
 location = {Stanford, California, USA},
 pages = {314--329},
 numpages = {16},
 doi = {10.1145/52324.52356},
 acmid = {52356},
 publisher = {ACM},
 address = {New York, NY, USA},
}

@article{chiu1989analysis,
	Author = {Chiu, Dah-Ming and Jain, Raj},
	Date-Added = {2015-06-08 07:34:24 +0000},
	Date-Modified = {2015-06-08 07:34:24 +0000},
	Journal = {Computer Networks and ISDN systems},
	Number = {1},
	Pages = {1--14},
	Publisher = {Elsevier},
	Title = {Analysis of the increase and decrease algorithms for congestion avoidance in computer networks},
	Volume = {17},
	Year = {1989}}

@inproceedings{greenberg2009vl2,
	Author = {Greenberg, Albert and Hamilton, James R and Jain, Navendu and Kandula, Srikanth and Kim, Changhoon and Lahiri, Parantap and Maltz, David A and Patel, Parveen and Sengupta, Sudipta},
	Booktitle = {Proceedings of the ACM Conference on SIGCOMM},
	Date-Added = {2015-05-28 11:10:46 +0000},
	Date-Modified = {2016-01-09 13:22:33 +0000},
	Pages = {51--62},
	Title = {VL2: a scalable and flexible data center network},
	Volume = {39},
	Year = {2009}}

@inproceedings{al2010hedera,
	Author = {Al-Fares, Mohammad and Radhakrishnan, Sivasankar and Raghavan, Barath and Huang, Nelson and Vahdat, Amin},
	Booktitle = {Proceedings of the 7th USENIX Conference on Networked Systems Design and Implementation (NSDI)},
	Date-Added = {2015-05-28 10:42:50 +0000},
	Date-Modified = {2015-05-28 10:42:50 +0000},
	Pages = {19--19},
	Title = {Hedera: Dynamic Flow Scheduling for Data Center Networks.},
	Volume = {10},
	Year = {2010}}

@inproceedings{shieh2011sharing,
	Acmid = {1972489},
	Author = {Shieh, Alan and Kandula, Srikanth and Greenberg, Albert and Kim, Changhoon and Saha, Bikas},
	Booktitle = {Proceedings of the 8th USENIX Conference on Networked Systems Design and Implementation (NSDI)},
	Date-Added = {2015-05-20 17:58:25 +0000},
	Date-Modified = {2015-07-10 19:54:42 +0000},
	Numpages = {14},
	Pages = {309--322},
	Title = {Sharing the Data Center Network},
	Year = {2011}}

@inproceedings{popa2012faircloud,
	Author = {Popa, Lucian and Kumar, Gautam and Chowdhury, Mosharaf and Krishnamurthy, Arvind and Ratnasamy, Sylvia and Stoica, Ion},
	Booktitle = {Proceedings of the ACM Conference on SIGCOMM},
	Date-Added = {2015-05-20 17:30:06 +0000},
	Date-Modified = {2015-05-20 17:30:06 +0000},
	Pages = {187--198},
	Title = {FairCloud: sharing the network in cloud computing},
	Year = {2012}}

@article{chowdhury2011managing,
	Author = {Chowdhury, Mosharaf and Zaharia, Matei and Ma, Justin and Jordan, Michael I and Stoica, Ion},
	Date-Added = {2015-05-20 17:28:24 +0000},
	Date-Modified = {2015-05-20 17:28:24 +0000},
	Journal = {Proceedings of the ACM Conference on SIGCOMM},
	Number = {4},
	Pages = {98--109},
	Title = {Managing data transfers in computer clusters with orchestra},
	Volume = {41},
	Year = {2011}}

@inproceedings{lee2014application,
	Author = {Lee, Jeongkeun and Turner, Yoshio and Lee, Myungjin and Popa, Lucian and Banerjee, Sujata and Kang, Joon-Myung and Sharma, Puneet},
	Booktitle = {Proceedings of the ACM Conference on SIGCOMM},
	Date-Added = {2015-05-20 17:26:37 +0000},
	Date-Modified = {2015-05-20 17:26:37 +0000},
	Organization = {ACM},
	Pages = {467--478},
	Title = {Application-driven bandwidth guarantees in datacenters},
	Year = {2014}}

@inproceedings{ballani2011towards,
	Author = {Ballani, Hitesh and Costa, Paolo and Karagiannis, Thomas and Rowstron, Ant},
	Booktitle = {Proceedings of the ACM Conference on SIGCOMM},
	Date-Added = {2015-05-20 17:24:41 +0000},
	Date-Modified = {2016-01-09 13:22:24 +0000},
	Organization = {ACM},
	Pages = {242--253},
	Title = {Towards predictable datacenter networks},
	Volume = {41},
	Year = {2011}}

@article{thusoo2009hive,
	Author = {Thusoo, Ashish and Sarma, Joydeep Sen and Jain, Namit and Shao, Zheng and Chakka, Prasad and Anthony, Suresh and Liu, Hao and Wyckoff, Pete and Murthy, Raghotham},
	Date-Added = {2015-05-19 15:05:06 +0000},
	Date-Modified = {2016-01-09 13:33:31 +0000},
	Journal = {Proceedings of VLDB},
	Number = {2},
	Pages = {1626--1629},
	Publisher = {VLDB Endowment},
	Title = {Hive: a warehousing solution over a map-reduce framework},
	Volume = {2},
	Year = {2009}}

@inproceedings{isard2007dryad,
 author = {Isard, Michael and Budiu, Mihai and Yu, Yuan and Birrell, Andrew and Fetterly, Dennis},
 title = {Dryad: Distributed Data-parallel Programs from Sequential Building Blocks},
 booktitle = {Proceedings of the 2Nd ACM SIGOPS/EuroSys European Conference on Computer Systems},
 year = {2007},
 isbn = {978-1-59593-636-3},
 location = {Lisbon, Portugal},
 pages = {59--72},
 numpages = {14},
 doi = {10.1145/1272996.1273005},
 acmid = {1273005},
 address = {New York, NY, USA},
} 

@inproceedings{zaharia2012resilient,
	Author = {Zaharia, Matei and Chowdhury, Mosharaf and Das, Tathagata and Dave, Ankur and Ma, Justin and McCauley, Murphy and Franklin, Michael J and Shenker, Scott and Stoica, Ion},
	Booktitle = {Proceedings of the 9th USENIX Conference on Networked Systems Design and Implementation (NSDI)},
	Date-Added = {2015-05-18 17:02:28 +0000},
	Date-Modified = {2016-01-09 13:34:53 +0000},
	Pages = {2--2},
	Title = {Resilient distributed datasets: A fault-tolerant abstraction for in-memory cluster computing},
	Year = {2012}}

@article{dean2008mapreduce,
	Author = {Dean, Jeffrey and Ghemawat, Sanjay},
	Date-Added = {2015-05-18 16:13:42 +0000},
	Date-Modified = {2015-05-18 16:13:42 +0000},
	Journal = {Communications of the ACM},
	Number = {1},
	Pages = {107--113},
	Title = {MapReduce: simplified data processing on large clusters},
	Volume = {51},
	Year = {2008}}

@inproceedings{vavilapalli2013apache,
	Author = {Vavilapalli, Vinod Kumar and Murthy, Arun C and Douglas, Chris and Agarwal, Sharad and Konar, Mahadev and Evans, Robert and Graves, Thomas and Lowe, Jason and Shah, Hitesh and Seth, Siddharth and others},
	Booktitle = {SOCC},
	Date-Added = {2015-05-18 16:12:26 +0000},
	Date-Modified = {2015-05-18 16:12:26 +0000},
	Organization = {ACM},
	Pages = {5},
	Title = {Apache hadoop yarn: Yet another resource negotiator},
	Year = {2013}}

@inproceedings{vavilapalli2013apache,
 author = {Vavilapalli, Vinod Kumar and Murthy, Arun C. and Douglas, Chris and Agarwal, Sharad and Konar, Mahadev and Evans, Robert and Graves, Thomas and Lowe, Jason and Shah, Hitesh and Seth, Siddharth and Saha, Bikas and Curino, Carlo and O'Malley, Owen and Radia, Sanjay and Reed, Benjamin and Baldeschwieler, Eric},
 title = {Apache Hadoop YARN: Yet Another Resource Negotiator},
 booktitle = {Proceedings of the 4th ACM Annual Symposium on Cloud Computing (SOCC)},
 year = {2013},
 isbn = {978-1-4503-2428-1},
 location = {Santa Clara, California},
 pages = {5:1--5:16},
 articleno = {5},
 numpages = {16},
 doi = {10.1145/2523616.2523633},
 acmid = {2523633},
 address = {New York, NY, USA},
} 

@book{white2015hadoop,
  title={Hadoop: The Definitive Guide, 4th Edition},
  author={White, Tom},
  year={2015},
  publisher={"O'Reilly Media, Inc."}
}


@INPROCEEDINGS{kavulya2010analysis, 
author={S. Kavulya and J. Tan and R. Gandhi and P. Narasimhan}, 
booktitle={The 10th IEEE/ACM International Conference on Cluster, Cloud and Grid Computing (CCGrid)}, 
title={An Analysis of Traces from a Production MapReduce Cluster}, 
year={2010}, 
pages={94-103}, 
keywords={parallel processing;scheduling;M45 supercomputing cluster;Yahoo!;cloud computing environments;instance-based learning technique;parallel processing;production MapReduce cluster;Cloud computing;Costs;Data mining;Grid computing;Large-scale systems;Parallel processing;Parallel programming;Performance analysis;Processor scheduling;Production;Distributed systems;MapReduce;Workload characterization}, 
doi={10.1109/CCGRID.2010.112}, 
month={May},}

@INPROCEEDINGS{chen2016coflow, 
author={L. Chen and W. Cui and B. Li and B. Li}, 
booktitle={IEEE INFOCOM 2016 - The 35th Annual IEEE International Conference on Computer Communications}, 
title={Optimizing coflow completion times with utility max-min fairness}, 
year={2016}, 
pages={1-9}, 
keywords={data handling;linear programming;parallel processing;public domain software;Coflow completion times;Varys open-source framework;data parallel frameworks;equivalent LP problem;equivalent linear programming problem;lexicographical maximization problem;sensitivity degrees;utility functions;utility max-min fairness;utility optimal scheduler;Optimal scheduling;Ports (Computers);Schedules;Sensitivity;Servers;Sparks;Switches}, 
doi={10.1109/INFOCOM.2016.7524525}, 
month={April},}

@inproceedings {faraz2014shufflewatcher,
author = {Faraz Ahmad and Srimat T. Chakradhar and Anand Raghunathan and T. N. Vijaykumar},
title = {ShuffleWatcher: Shuffle-aware Scheduling in Multi-tenant MapReduce Clusters},
booktitle = {2014 USENIX Annual Technical Conference (USENIX ATC 14)},
year = {2014},
month = Jun,
isbn = {978-1-931971-10-2},
address = {Philadelphia, PA},
pages = {1--13},
url = {https://www.usenix.org/conference/atc14/technical-sessions/presentation/ahmad},
publisher = {USENIX Association},
}

@inproceedings{gault2014dynamic,
  title={Dynamic Scheduling of MapReduce Shuffle under Bandwidth Constraints},
  author={Gault, Sylvain and Perez, Christian},
  booktitle={European Conference on Parallel Processing},
  pages={117--128},
  year={2014},
  organization={Springer}
}

@inproceedings{Yu:2008:DSG,
 author = {Yu, Yuan and Isard, Michael and Fetterly, Dennis and Budiu, Mihai and Erlingsson, \'{U}lfar and Gunda, Pradeep Kumar and Currey, Jon},
 title = {DryadLINQ: A System for General-purpose Distributed Data-parallel Computing Using a High-level Language},
 booktitle = {Proceedings of the 8th USENIX Symposium on Operating Systems Design and Implementation},
 year = {2008},
 location = {San Diego, California},
 pages = {1--14},
 numpages = {14},
 acmid = {1855742},
} 

@inproceedings{Armbrust:2015:SSR,
 author = {Armbrust, Michael and Xin, Reynold S. and Lian, Cheng and Huai, Yin and Liu, Davies and Bradley, Joseph K. and Meng, Xiangrui and Kaftan, Tomer and Franklin, Michael J. and Ghodsi, Ali and Zaharia, Matei},
 title = {Spark SQL: Relational Data Processing in Spark},
 booktitle = {Proceedings of the 2015 ACM SIGMOD International Conference on Management of Data},
 series = {SIGMOD '15},
 year = {2015},
 isbn = {978-1-4503-2758-9},
 location = {Melbourne, Victoria, Australia},
 pages = {1383--1394},
 numpages = {12},
 doi = {10.1145/2723372.2742797},
 acmid = {2742797},
 publisher = {ACM},
 address = {New York, NY, USA},
 keywords = {data warehouse, databases, hadoop, machine learning, spark},
} 